@software{GNU/PASS,
  author = {{Jason A. Donenfeld}},
  title = {pass: the standard unix password manager},
  url = {https://www.passwordstore.org/},
  version = {1.7.3},
  date = {2018-03-03},
}
@software{MongoDB,
  author = {{Mongo D. Bauista}},
  title = {MongoDB: The database for modern applications},
  url = {https://www.mongodb.com/},
  version = {4.4},
}


@ONLINE{GoogleCloud,
  author = {{Google}},
  title = {Cloud Computing Services | Google Cloud},
  url = {https://cloud.google.com/},
}
